@article{anandhan2022,
  title   = {{Social Media Recommender Systems \(SMRS\): A Bibliometric Analysis Study 2000â€“2021}},
  author  = {nandhan, Anitha and Ismail, Maizatul Akmar and Shuib, Liyana and Aiza, Wan Siti Nur and Elaish, Monther M.},
  journal = {IEEE Access},
  volume  = {10},
  year    = {2022},
  month   = {Feb},
  doi     = {10.1109/ACCESS.2022.3161497}
}

  @article{bi2021,
  title     = {Sentiment classification in social media data by combining
               triplet belief functions},
  author    = {Bi, Yaxin},
  journal   = {ournal of the Association for Information Science \& Technology},
  publisher = {Wiley},
  volumn    = {73},
  number    = {7},
  pages     = {968-991},
  year      = {2021},
  month     = {Jan},
  doi       = {10.1002/asi.24605}
}

@article{bonenberger2025,
  title     = {Design Knowledge for Sensitive Social Media Recommender Systems},
  author    = {Bonenberger, Lukas and Zeller-Lanzl, Julia},
  journal   = {Information Systems Frountiers},
  publisher = {Springer},
  year      = {2025},
  month     = {Jul},
  doe       = {10.1007/s10796-025-10628-9}
}

@article{borchers2023,
  title     = {{Facebook post data: a primer for educational research}},
  author    = {Borchers, Conrad and Rosenberg, Joshua and Swartzentruber, Rita},
  journal   = {Educational Tech Research \& Development},
  publisher = {AECT},
  volume    = {71},
  number    = {6},
  year      = {2023},
  month     = {Aug},
  doi       = {10.1007/s11423-023-10269-2}
}

@article{bowen2024,
  title     = {{Faceless, Nameless, Invisible: A Visual Content Analysis of Photographs in U.S. Media Coverage about Homelessness}},
  author    = {Bowen, Elizabeth and Capozziello, Nicole},
  journal   = {Housing Studies},
  publisher = {{Taylor \& Francis Group}},
  volumn    = {39},
  number    = {3},
  pages     = {746-765},
  year      = {2024},
  month     = {May},
  doi       = {10.1080/02673037.2022.2084044}
}

@article{fiesler2024,
  title     = {{Remember the Human: A Systematic Review of Ethical Considerations in Reddit Research}},
  author    = {Fiesler, Casey and Zimmer, Michael and Proferes, Nicholas and Gilbert, Sarah and Jones, Naiyan},
  journal   = {ACM},
  publisher = {Association for Computing Machinery},
  volume    = {8},
  number    = {GROUP},
  year      = {2024},
  month     = {Jan},
  doi       = {10.1145/3633070}
}

@article{george2024,
  title     = {{Leveraging big data and sentiment analysis for actionable insights: A review of data mining approaches for social media}},
  author    = {George, A. Shaji and Baskar, T.},
  journal   = {Partners Universal International Innovation Journal},
  publisher = {PU Publications},
  year      = {2024},
  month     = {Jul-Aug},
  doi       = {10.5281/zenodo.13623777}
}

@article{karoo2023,
  title     = {{Ethical considerations in sentiment analysis: navigating the complex landscape}},
  author    = {karoo, Krishna and Chitte, Vikas},
  journal   = {International Research Journal of Modernization in Engineering Technology and Science},
  publisher = {IRJMETS},
  volume    = {5},
  number    = {11},
  year      = {2023},
  month     = {Nov},
  doi       = {10.56726/IRJMETS46811}
}

@article{nltk2024,
  title     = {nltk.sentiment.vader module},
  author    = {nltk.org},
  publisher = {nltk.org},
  year      = {2024},
  month     = {Aug},
  url       = {https://www.nltk.org/api/nltk.sentiment.vader.html }
}

@article{starke2024,
  title     = {Contesting personalized recommender systems: a cross-country analysis of user preferences},
  author    = {Starke, Christopher and Metikos, Ljubisa, and Helberger, Natali and de Vreese, Claes},
  journal   = {Information, Communication \& Society},
  publisher = {Taylor \& Francis Group},
  volume    = {28},
  number    = {1},
  pages     = {41-60},
  year      = {2024},
  month     = {Aug},
  doi       = {10.1080/1369118X.2024.2363926}
}

@article{tackie2021,
  title     = {{An Examination of Poverty: Dimensions, Causes, and Solutions}},
  author    = {Tackie, David},
  journal   = {Journal of Rural Sciences},
  publisher = {eGrove},
  volume    = {36},
  number    = {2},
  pages     = {1-25},
  year      = {2021},
  url       = {https://egrove.olemiss.edu/jrss/vol36/iss2/2/}
}
@article{uscensus2025,
  title     = {{National Proverty in America Awareness Month: January 2025}},
  author    = {{U.S. Census Bureau}},
  publisher = {{U.S. Census Bureau}},
  year      = {2025},
  month     = {Jan},
  url       = {https://www.census.gov/newsroom/stories/poverty-awareness-month.html }
} 